@INCOLLECTION{Emerson2001-gz,
  title     = "From Nature",
  booktitle = "Writing New England",
  author    = "Emerson, Ralph Waldo",
  publisher = "Harvard University Press",
  pages     = "36--48",
  month     =  dec,
  year      =  2001,
  address   = "Cambridge, MA and London, England"
}
