@INCOLLECTION{ Emerson2001-gz,
  title     = "From Nature",
  booktitle = "Writing New England",
  author    = "Emerson, Ralph Waldo",
  publisher = "Harvard University Press",
  pages     = "36--48",
  month     =  dec,
  year      =  2001,
  address   = "Cambridge, MA and London, England"
}


@Reference{dataSource,
title = {Dataset Source, Available link: \href{https://link.springer.com/article/10.1186/s12880-025-01616-1}{Retina Dataset}, Last Access: [23-5-25]}

}